
@online{CBPwebsite,
    title = {CBP Airport Wait Times, https://awt.cbp.gov/},
    year={2021},
}

@online{website,
    author={Michelle Baran},
    title = "Airport Wait Times Likely to Climb as U.S. Reopens to International Travel",
    url  = "https://www.msn.com/en-us/travel/news/airport-wait-times-likely-to-climb-as-u-s-reopens-to-international-travel/ar-AAQngB5",
    addendum = "(accessed: 05.11.2020)",
}

@article{waitingemergency,
  title={Predicting waiting time to treatment for emergency department patients},
  author={Pak, Anton;Gannon, Brenda; Staib,Andrew},
  year = {2021},
  month = {Jan},
  doi = {10.1016/j.ijmedinf.2020.104303},
  publisher = "Int J Med Inform",
}
@online{CBP,
    title = "U.S. Customs and Border Protection",
    url  = "https://www.cbp.gov/about",
    year={2021},
}

@online{ML,
    author={Akshay Sharma},
    title = "Machine Learning 101: Decision Tree Algorithm for Classification",
    url  = "https://www.analyticsvidhya.com/blog/2021/02/machine-learning-101-decision-tree-algorithm-for-classification/",
    addendum = "(accessed: 02.25.2021)",
    keywords = "Decision Tree"
}

@book{Hastie2008,
  title     = "The Elements of Statistical Learning (2nd ed.)",
  author    = "Hastie, Trevor; Tibshirani, Robert; Friedman, Jerome",
  year      = 2008,
  publisher = "Springer",
}

@article{waitingtimeprediction,
  title={A Machine Learning Approach to Waiting Time Prediction in Queueing Scenarios},
  author={I. Kyritsis, Athanasios;Deriaz, Michel},
  url = "https://tam.unige.ch/files/5115/6983/7460/IEEE_AI4I2019Kyritsis.pdf",
  year = {2018}
}

@article{note,
  title={STAT 451: Intro to Machine Learning Lecture Notes},
  author={Sebastian Raschka},
  year = {2021}
}

